@article{gao2024broken,
  title={Broken symmetries in quasi-2{D} charged systems via negative dielectric confinement},
  author={Gao, Xuanzhao and Gan, Zecheng},
  journal={The Journal of Chemical Physics},
  volume={161},
  number={1},
  year={2024},
  publisher={AIP Publishing}
}

@article{roa2024probabilistic,
  title={Probabilistic inference in the era of tensor networks and differential programming},
  author={Roa-Villescas, Martin and Gao, Xuanzhao and Stuijk, Sander and Corporaal, Henk and Liu, Jin-Guo},
  journal={Physical Review Research},
  volume={6},
  number={3},
  pages={033261},
  year={2024},
  publisher={APS}
}

@article{gan2024fast,
title = {Fast algorithm for quasi-2D Coulomb systems},
journal = {Journal of Computational Physics},
volume = {524},
pages = {113733},
year = {2025},
issn = {0021-9991},
doi = {https://doi.org/10.1016/j.jcp.2025.113733},
url = {https://www.sciencedirect.com/science/article/pii/S0021999125000166},
author = {Zecheng Gan and Xuanzhao Gao and Jiuyang Liang and Zhenli Xu},
}

@article{gan2024random,
  title={Random batch {E}wald method for dielectrically confined {C}oulomb systems},
  author={Gan, Zecheng and Gao, Xuanzhao and Liang, Jiuyang and Xu, Zhenli},
  journal={arXiv preprint arXiv:2405.06333},
  year={2024},
  note = {Under the 1st round of revision at the SIAM Journal on Scientific Computing.}
}

@article{fssog,
      title={{A fast spectral sum-of-Gaussians method for electrostatic summation in quasi-2D systems}}, 
      author={Xuanzhao Gao and Shidong Jiang and Jiuyang Liang and Zhenli Xu and Qi Zhou},
      year={2024},
      journal={arXiv preprint arXiv:2412.04595},
}

@article{icm_error,
  title={Accurate Error Estimates and Optimal Parameter Selection in {E}wald Summation for Dielectrically Confined {C}oulomb Systems},
  author = {Gan, Zecheng and Gao, Xuanzhao and Liang, Jiuyang and Xu, Zhenli and Zhou, Qi},
  year={2025},
  note = {Preprint available upon request.}
}


@article{quasiewald,
  title={Efficient particle-based simulations of {C}oulomb systems under dielectric nanoconfinement},
  author = {Gao, Xuanzhao and Gan, Zecheng and Li, Yuqing},
  year={2025},
  note = {Preprint available upon request.}
}

@article{complexitypaper,
      title={Programming guide for solving constraint satisfaction problems with tensor networks}, 
      author={Xuanzhao Gao and Xiaofeng Li and Jinguo Liu},
      journal={arXiv preprint arXiv:2501.00227},
      year={2024},
}

@article{tensorbranching,
    title={Automated discovery of branching rules with optimal complexity for the maximum independent set problem}, 
    author={Xuanzhao Gao and Yi-Jia Wang and Pan Zhang and Jin-Guo Liu},
    year={2024},
    journal={arXiv preprint arXiv:2412.07685},
}

@article{nanolett2020,
author = {Nie, Zhonghui and Gao, Xuanzhao and Ren, Yinjuan and Xia, Siyang and Wang, Yuhan and Shi, Yongliang and Zhao, Jin and Wang, Yue},
title = {Harnessing hot phonon bottleneck in metal halide perovskite nanocrystals via interfacial electron-phonon coupling},
journal = {Nano Letters},
volume = {20},
number = {6},
pages = {4610-4617},
year = {2020}
}