@misc{jiang2023dmk,
      title={A Dual-space Multilevel Kernel-splitting Framework for Discrete and Continuous Convolution}, 
      author={Shidong Jiang and Leslie Greengard},
      year={2023},
      eprint={2308.00292},
      archivePrefix={arXiv},
      primaryClass={math.NA}
}

@article{greengard2024new,
author = {Greengard, Leslie F. and Jiang, Shidong and Rachh, Manas and Wang, Jun},
title = {A New Version of the Adaptive Fast {G}auss Transform for Discrete and Continuous Sources},
journal = {SIAM Review},
volume = {66},
number = {2},
pages = {287-315},
year = {2024},
}


@article{helsing2013rcip,
author = {Helsing, Johan},
title = {Solving Integral Equations on Piecewise Smooth Boundaries Using the {RCIP} Method: {A} Tutorial},
journal = {Abstract and Applied Analysis},
volume = {2013},
number = {1},
pages = {938167}
}

@article{Greengard2022ApproximatingTG,
  title={Approximating the {G}aussian as a Sum of Exponentials and its Applications to the Fast {G}auss Transform},
  author={Shidong Jiang \& Leslie Greengard},
  journal={Communications in Computational Physics},
  year={2022},
  url={https://api.semanticscholar.org/CorpusID:244939983}
}

@article{XIAO201392,
title = {Confining sets and avoiding bottleneck cases: {A} simple maximum independent set algorithm in degree-3 graphs},
journal = {Theoretical Computer Science},
volume = {469},
pages = {92-104},
year = {2013},
issn = {0304-3975},
author = {Mingyu Xiao and Hiroshi Nagamochi},
}


@Article{itensor,
	title={The {IT}ensor Software Library for Tensor Network Calculations},
	author={Matthew Fishman and Steven R. White and E. Miles Stoudenmire},
	journal={SciPost Phys. Codebases},
	pages={4},
	year={2022},
	publisher={SciPost},
}

@article{SCHWENDT2020107048,
title = {Transparent boundary conditions for higher-order finite-difference schemes of the {Schrödinger equation in (1+1)D}},
journal = {Computer Physics Communications},
volume = {250},
pages = {107048},
year = {2020},
issn = {0010-4655},
author = {Mathias Schwendt and Walter Pötz},
}

@article{kaye2023fast,
  title={A fast time domain solver for the equilibrium {D}yson equation},
  author={Kaye, Jason and UR Strand, Hugo},
  journal={Advances in Computational Mathematics},
  volume={49},
  number={4},
  pages={63},
  year={2023},
  publisher={Springer}
}

@article{LIAO2019,
  title = {Differentiable Programming Tensor Networks},
  author = {Liao, Hai-Jun and Liu, Jin-Guo and Wang, Lei and Xiang, Tao},
  journal = {Phys. Rev. X},
  volume = {9},
  issue = {3},
  pages = {031041},
  numpages = {12},
  year = {2019},
  month = {Sep},
  publisher = {American Physical Society},
}

@article{RAAB2000674,
title = {On the Dirac–Frenkel/McLachlan variational principle},
journal = {Chemical Physics Letters},
volume = {319},
number = {5},
pages = {674-678},
year = {2000},
issn = {0009-2614},
author = {A. Raab},
}