@article{gao2024broken,
  title={Broken symmetries in quasi-2{D} charged systems via negative dielectric confinement},
  author={Gao, Xuanzhao and Gan, Zecheng},
  journal={J. Chem. Phys.},
  volume={161},
  number={1},
  year={2024},
  publisher={AIP Publishing}
}

@article{roa2024probabilistic,
  title={Probabilistic inference in the era of tensor networks and differential programming},
  author={Roa-Villescas, Martin and Gao, Xuanzhao and Stuijk, Sander and Corporaal, Henk and Liu, Jin-Guo},
  journal={Phys. Rev. Res.},
  volume={6},
  number={3},
  pages={033261},
  year={2024},
  publisher={APS}
}

@article{gan2024fast,
title = {Fast algorithm for quasi-2D Coulomb systems},
journal = {J. Comput. Phys.},
volume = {524},
pages = {113733},
year = {2025},
issn = {0021-9991},
doi = {https://doi.org/10.1016/j.jcp.2025.113733},
author = {Zecheng Gan and Xuanzhao Gao and Jiuyang Liang and Zhenli Xu},
}

@article{gan2024random,
  author = {Gan, Zecheng and Gao, Xuanzhao and Liang, Jiuyang and Xu, Zhenli},
  title = {Random batch {E}wald method for dielectrically confined {C}oulomb systems},
  journal = {SIAM J. Sci. Comput.},
  volume = {47},
  number = {4},
  pages = {B846-B874},
  year = {2025},
  doi = {10.1137/24M1655809}
}

@article{fssog,
  title={{A fast spectral sum-of-Gaussians method for electrostatic summation in quasi-2D systems}}, 
  author={Xuanzhao Gao and Shidong Jiang and Jiuyang Liang and Zhenli Xu and Qi Zhou},
  year={2024},
  journal={arXiv preprint arXiv:2412.04595},
}

@article{icm_error,
author = {Gao, Xuanzhao and Zhou, Qi and Gan, Zecheng and Liang, Jiuyang},
title = {Accurate error estimates and optimal parameter selection in {E}wald summation for dielectrically confined {C}oulomb systems},
journal = {J. Chem. Theory Comput.},
volume = {21},
number = {12},
pages = {5890-5904},
year = {2025},
doi = {10.1021/acs.jctc.5c00438},
}


@article{quasiewald,
  title={Efficient particle-based simulations of {C}oulomb systems under dielectric nanoconfinement},
  author = {Gao, Xuanzhao and Gan, Zecheng and Li, Yuqing},
  year={2025},
  note = {Preprint available upon request.}
}

@article{complexitypaper,
    doi = {10.1088/1674-1056/adbee2},
    url = {https://doi.org/10.1088/1674-1056/adbee2},
    year = {2025},
    month = {apr},
    publisher = {Chinese Physical Society and IOP Publishing Ltd},
    volume = {34},
    number = {5},
    pages = {050201},
    author = {Gao, Xuanzhao and Li, Xiaofeng and Liu, Jinguo},
    title = {Programming guide for solving constraint satisfaction problems with tensor networks},
    journal = {Chinese Physics B},
}

@article{optimalbranching,
    title={Automated discovery of branching rules with optimal complexity for the maximum independent set problem}, 
    author={Xuanzhao Gao and Yi-Jia Wang and Pan Zhang and Jin-Guo Liu},
    year={2024},
    journal={arXiv preprint arXiv:2412.07685},
}

@article{tensorbranching,
  title={Branch and Bound Tensor Network for Solving Combinatorial Optimization Problems},
  author={Yi-Jia Wang and Xuanzhao Gao and Pan Zhang and Feng Pan and Jin-Guo Liu},
  year={2025},
}

@article{nanolett2020,
author = {Nie, Zhonghui and Gao, Xuanzhao and Ren, Yinjuan and Xia, Siyang and Wang, Yuhan and Shi, Yongliang and Zhao, Jin and Wang, Yue},
title = {Harnessing hot phonon bottleneck in metal halide perovskite nanocrystals via interfacial electron-phonon coupling},
journal = {Nano Lett.},
volume = {20},
number = {6},
pages = {4610-4617},
year = {2020}
}