@article{luijten2014,
  title = {Dielectric Effects in the Self-Assembly of Binary Colloidal Aggregates},
  author = {Barros, Kipton and Luijten, Erik},
  journal = {Phys. Rev. Lett.},
  volume = {113},
  issue = {1},
  pages = {017801},
  numpages = {5},
  year = {2014},
  month = {Jul},
  publisher = {American Physical Society},
}


@article{Chowdhury2023,
  title={A full-stack view of probabilistic computing with p-bits: devices, architectures, and algorithms},
  author={Chowdhury, Shuvro and Grimaldi, Andrea and Aadit, Navid Anjum and Niazi, Shaila and Mohseni, Masoud and Kanai, Shun and Ohno, Hideo and Fukami, Shunsuke and Theogarajan, Luke and Finocchio, Giovanni and others},
  journal={IEEE Journal on Exploratory Solid-State Computational Devices and Circuits},
  volume={9},
  number={1},
  pages={1--11},
  year={2023},
  publisher={IEEE}
}

@article{Roa2024,
  title = {Probabilistic inference in the era of tensor networks and differential programming},
  author = {Roa-Villescas, Martin and Gao, Xuanzhao and Stuijk, Sander and Corporaal, Henk and Liu, Jin-Guo},
  journal = {Phys. Rev. Res.},
  volume = {6},
  issue = {3},
  pages = {033261},
  numpages = {12},
  year = {2024},
  month = {Sep},
  publisher = {American Physical Society},
  doi = {10.1103/PhysRevResearch.6.033261},
  url = {https://link.aps.org/doi/10.1103/PhysRevResearch.6.033261}
}

@article{Liu2023,
author = {Liu, Jin-Guo and Gao, Xun and Cain, Madelyn and Lukin, Mikhail D. and Wang, Sheng-Tao},
title = {Computing Solution Space Properties of Combinatorial Optimization Problems Via Generic Tensor Networks},
journal = {SIAM Journal on Scientific Computing},
volume = {45},
number = {3},
pages = {A1239-A1270},
year = {2023},
doi = {10.1137/22M1501787},
URL = {https://doi.org/10.1137/22M1501787},
eprint = {https://doi.org/10.1137/22M1501787}
}

@article{Markov2008,
   title={Simulating Quantum Computation by Contracting Tensor Networks},
   volume={38},
   ISSN={1095-7111},
   url={http://dx.doi.org/10.1137/050644756},
   DOI={10.1137/050644756},
   number={3},
   journal={SIAM Journal on Computing},
   publisher={Society for Industrial & Applied Mathematics (SIAM)},
   author={Markov, Igor L. and Shi, Yaoyun},
   year={2008},
   month=jan, pages={963–981}
}

@article{Ebadi2022,
  title={Quantum optimization of maximum independent set using Rydberg atom arrays},
  author={Ebadi, Sepehr and Keesling, Alexander and Cain, Madelyn and Wang, Tout T and Levine, Harry and Bluvstein, Dolev and Semeghini, Giulia and Omran, Ahmed and Liu, J-G and Samajdar, Rhine and others},
  journal={Science},
  volume={376},
  number={6598},
  pages={1209--1215},
  year={2022},
  publisher={American Association for the Advancement of Science}
}

@article{Nguyen2023,
  title={Quantum optimization with arbitrary connectivity using Rydberg atom arrays},
  author={Nguyen, Minh-Thi and Liu, Jin-Guo and Wurtz, Jonathan and Lukin, Mikhail D and Wang, Sheng-Tao and Pichler, Hannes},
  journal={PRX Quantum},
  volume={4},
  number={1},
  pages={010316},
  year={2023},
  publisher={APS}
}

@article{pan2022solving,
  title={Solving the sampling problem of the sycamore quantum circuits},
  author={Pan, Feng and Chen, Keyang and Zhang, Pan},
  journal={Physical Review Letters},
  volume={129},
  number={9},
  pages={090502},
  year={2022},
  publisher={APS}
}

@misc{Kalachev2022,
      title={Multi-Tensor Contraction for XEB Verification of Quantum Circuits}, 
      author={Gleb Kalachev and Pavel Panteleev and Man-Hong Yung},
      year={2022},
      eprint={2108.05665},
      archivePrefix={arXiv},
      primaryClass={quant-ph},
      url={https://arxiv.org/abs/2108.05665}, 
}

@article{Gray2021,
  doi = {10.22331/q-2021-03-15-410},
  url = {https://doi.org/10.22331/q-2021-03-15-410},
  title = {Hyper-optimized tensor network contraction},
  author = {Gray, Johnnie and Kourtis, Stefanos},
  journal = {{Quantum}},
  issn = {2521-327X},
  publisher = {{Verein zur F{\"{o}}rderung des Open Access Publizierens in den Quantenwissenschaften}},
  volume = {5},
  pages = {410},
  month = mar,
  year = {2021}
}

@article{Bouchitté2001,
  author = {Bouchitt\'{e}, Vincent and Todinca, Ioan},
  title = {Treewidth and Minimum Fill-in: Grouping the Minimal Separators},
  journal = {SIAM Journal on Computing},
  volume = {31},
  number = {1},
  pages = {212-232},
  year = {2001},
  doi = {10.1137/S0097539799359683},
  URL = {https://doi.org/10.1137/S0097539799359683},
  eprint = {https://doi.org/10.1137/S0097539799359683},
}

@article{Gamarnik2021,
  title = {The Overlap Gap Property : {{A}} Topological Barrier to Optimizing over Random Structures},
  author = {Gamarnik, David},
  year = {2021},
  volume = {118},
  number = {41},
  doi = {10.1073/pnas.2108492118},
  file = {/Users/liujinguo/Zotero/storage/E9BUXGVW/Gamarnik_2021_The overlap gap property.pdf}
}


@article{Xiao2013,
  title={Confining sets and avoiding bottleneck cases: A simple maximum independent set algorithm in degree-3 graphs},
  author={Xiao, Mingyu and Nagamochi, Hiroshi},
  journal={Theoretical Computer Science},
  volume={469},
  pages={92--104},
  year={2013},
  publisher={Elsevier},
  url={https://www.sciencedirect.com/science/article/pii/S0304397512008729}
}

@article{Issac20131,
      title={An $O(1.0821^n)$ Time Algorithm for Computing Maximum Independent Set in Graphs with Bounded Degree 3},
  author={Issac, Davis and Jaiswal, Ragesh},
  journal={arXiv:1308.1351},
  url={https://ui.adsabs.harvard.edu/abs/2013arXiv1308.1351I/abstract},
  year={2013}
}

@article{Althaus2021,
  title = {On {{Tamaki}}'s {{Algorithm}} to {{Compute Treewidths}}},
  author = {Althaus, Ernst and Schnurbusch, Daniela and W{\"u}schner, Julian and Ziegler, Sarah},
  year = {2021},
  pages = {18},
  langid = {english},
}

@article{Lokshtanov2013,
  title={Lower bounds based on the exponential time hypothesis},
  author={Lokshtanov, Daniel and Marx, D{\'a}niel and Saurabh, Saket and others},
  journal={Bulletin of EATCS},
  volume={3},
  number={105},
  year={2013}
}

@article{Impagliazzo2001,
  title={On the complexity of k-SAT},
  author={Impagliazzo, Russell and Paturi, Ramamohan},
  journal={Journal of Computer and System Sciences},
  volume={62},
  number={2},
  pages={367--375},
  year={2001},
  publisher={Elsevier}
}

@article{Das2015,
  title={Approximation algorithms for maximum independent set of a unit disk graph},
  author={Das, Gautam K and De, Minati and Kolay, Sudeshna and Nandy, Subhas C and Sur-Kolay, Susmita},
  journal={Information Processing Letters},
  volume={115},
  number={3},
  pages={439--446},
  year={2015},
  publisher={Elsevier}
}
@book{Karp1972,
  title={Reducibility among combinatorial problems},
  author={Karp, Richard M},
  year={1972},
  publisher={Springer}
}

@misc{Gao2024,
  title = {Automated {{Discovery}} of {{Branching Rules}} with {{Optimal Complexity}} for the {{Maximum Independent Set Problem}}},
  author = {Gao, Xuanzhao and Wang, Yi-Jia and Zhang, Pan and Liu, Jin-Guo},
  year = {2024},
  month = dec,
  number = {arXiv:2412.07685},
  eprint = {2412.07685},
  primaryclass = {math},
  publisher = {arXiv},
  doi = {10.48550/arXiv.2412.07685},
  urldate = {2024-12-12},
  abstract = {The branching algorithm is a fundamental technique for designing fast exponential-time algorithms to solve combinatorial optimization problems exactly. It divides the entire solution space into independent search branches using predetermined branching rules, and ignores the search on suboptimal branches to reduce the time complexity. The complexity of a branching algorithm is primarily determined by the branching rules it employs, which are often designed by human experts. In this paper, we show how to automate this process with a focus on the maximum independent set problem. The main contribution is an algorithm that efficiently generate optimal branching rules for a given sub-graph with tens of vertices. Its efficiency enables us to generate the branching rules on-the-fly, which is provably optimal and significantly reduces the number of branches compared to existing methods that rely on expert-designed branching rules. Numerical experiment on 3-regular graphs shows an average complexity of O(1.0441{\textasciicircum}n) can be achieved, better than any previous methods.},
  archiveprefix = {arXiv},
  keywords = {Computer Science - Data Structures and Algorithms,Mathematics - Combinatorics,Mathematics - Optimization and Control},
  file = {/Users/liujinguo/Zotero/storage/P9SPT8SD/Gao et al. - 2024 - Automated Discovery of Branching Rules with Optimal Complexity for the Maximum Independent Set Probl.pdf;/Users/liujinguo/Zotero/storage/RYNKT9TQ/2412.html}
}

@article{Fomin2013,
  title={Exact exponential algorithms},
  author={Fomin, Fedor V and Kaski, Petteri},
  journal={Communications of the ACM},
  volume={56},
  number={3},
  pages={80--88},
  year={2013},
  publisher={ACM New York, NY, USA}
}

@article{Akiba2016,
title = {{Branch-and-reduce exponential/FPT algorithms in practice: A case study of vertex cover}},
journal = {Theoretical Computer Science},
volume = {609},
pages = {211-225},
year = {2016},
issn = {0304-3975},
doi = {10.1016/j.tcs.2015.09.023},
author = {Takuya Akiba and Yoichi Iwata},
}

@article{Tarjan1977,
  title={Finding a maximum independent set},
  author={Tarjan, Robert Endre and Trojanowski, Anthony E},
  journal={SIAM Journal on Computing},
  volume={6},
  number={3},
  pages={537--546},
  year={1977},
  publisher={SIAM}
}

@article{Jian1986,
  title={An $O(2^(0.304n))$ algorithm for solving maximum independent set problem},
  author={Jian, Tang},
  journal={IEEE Transactions on Computers},
  volume={100},
  number={9},
  pages={847--851},
  year={1986},
  publisher={IEEE}
}

@article{Robson1986,
  title={Algorithms for maximum independent sets},
  author={Robson, John Michael},
  journal={Journal of Algorithms},
  volume={7},
  number={3},
  pages={425--440},
  year={1986},
  publisher={Elsevier}
}

@techreport{Robson2001,
  title={Finding a maximum independent set in time O (2n/4)},
  author={Robson, John M},
  year={2001},
  institution={Technical Report 1251-01, LaBRI, Universit{\'e} Bordeaux I}
}

@inproceedings{Fomin2006,
  title={Measure and conquer: A simple O (20. 288 n) independent set algorithm},
  author={Fomin, Fedor V and Grandoni, Fabrizio and Kratsch, Dieter},
  booktitle={SODA},
  volume={6},
  pages={18--25},
  year={2006}
}

@inproceedings{Beigel1999,
  title={Finding maximum independent sets in sparse and general graphs},
  author={Beigel, Richard},
  booktitle={SODA},
  volume={99},
  pages={856--857},
  year={1999},
  organization={Citeseer}
}

@inproceedings{Chen2003,
  title={Labeled search trees and amortized analysis: improved upper bounds for NP-hard problems},
  author={Chen, Jianer and Kanj, Iyad A and Xia, Ge},
  booktitle={Algorithms and Computation: 14th International Symposium, ISAAC 2003, Kyoto, Japan, December 15-17, 2003. Proceedings 14},
  pages={148--157},
  year={2003},
  organization={Springer}
}

@article{Xiao2005,
  title={Improvement on vertex cover and independent set problem for low-degree graphs.},
  author={Xiao, Ming-Yu and Chen, Jian-Er and Han, Xu-Li},
  journal={Jisuanji Xuebao(Chin. J. Comput.)},
  volume={28},
  number={2},
  pages={153--160},
  year={2005}
}

@inproceedings{Bourgeois2008,
  title={An O*(1.0977 n) exact algorithm for max independent set in sparse graphs},
  author={Bourgeois, Nicolas and Escoffier, Bruno and Paschos, Vangelis Th},
  booktitle={Parameterized and Exact Computation: Third International Workshop, IWPEC 2008, Victoria, Canada, May 14-16, 2008. Proceedings 3},
  pages={55--65},
  year={2008},
  organization={Springer}
}

@article{Fomin2006b,
  title={Pathwidth of cubic graphs and exact algorithms},
  author={Fomin, Fedor V and H{\o}ie, Kjartan},
  journal={Information Processing Letters},
  volume={97},
  number={5},
  pages={191--196},
  year={2006},
  publisher={Elsevier}
}

@inproceedings{Furer2006,
  title={A faster algorithm for finding maximum independent sets in sparse graphs},
  author={F{\"u}rer, Martin},
  booktitle={LATIN 2006: Theoretical Informatics: 7th Latin American Symposium, Valdivia, Chile, March 20-24, 2006. Proceedings 7},
  pages={491--501},
  year={2006},
  organization={Springer}
}

@article{Razgon2006,
  title={A Faster Solving of the Maximum In-dependent Set Problem for Graphs with Maximal Degree 3},
  author={Razgon, Igor},
  year={2006}
}

@misc{Xiao2009,
  title = {New {{Branching Rules}}: {{Improvements}} on {{Independent Set}} and {{Vertex Cover}} in {{Sparse Graphs}}},
  shorttitle = {New {{Branching Rules}}},
  author = {Xiao, Mingyu},
  year = {2009},
  month = apr,
  number = {arXiv:0904.2712},
  eprint = {0904.2712},
  primaryclass = {cs},
  publisher = {arXiv},
  doi = {10.48550/arXiv.0904.2712},
  urldate = {2024-04-09},
  abstract = {We present an \$O{\textasciicircum}*(1.0919{\textasciicircum}n)\$-time algorithm for finding a maximum independent set in an \$n\$-vertex graph with degree bounded by 3, which improves the previously known algorithm of running time \$O{\textasciicircum}*(1.0977{\textasciicircum}n)\$ by Bourgeois, Escoffier and Paschos [IWPEC 2008]. We also present an \$O{\textasciicircum}*(1.1923{\textasciicircum}k)\$-time algorithm to decide if a graph with degree bounded by 3 has a vertex cover of size \$k\$, which improves the previously known algorithm of running time \$O{\textasciicircum}*(1.1939{\textasciicircum}k)\$ by Chen, Kanj and Xia [ISAAC 2003]. Two new branching techniques, {\textbackslash}emph\{branching on a bottle\} and {\textbackslash}emph\{branching on a 4-cycle\}, are introduced, which help us to design simple and fast algorithms for the maximum independent set and minimum vertex cover problems and avoid tedious branching rules.},
  archiveprefix = {arXiv},
  keywords = {Computer Science - Data Structures and Algorithms,Computer Science - Discrete Mathematics},
  file = {/home/leo/snap/zotero-snap/common/Zotero/storage/5275VH33/Xiao - 2009 - New Branching Rules Improvements on Independent S.pdf;/home/leo/snap/zotero-snap/common/Zotero/storage/GFP8E3P8/0904.html}
}

@article{Xiao2017,
  title = {Exact Algorithms for Maximum Independent Set},
  author = {Xiao, Mingyu and Nagamochi, Hiroshi},
  year = {2017},
  month = aug,
  journal = {Information and Computation},
  volume = {255},
  pages = {126--146},
  issn = {0890-5401},
  doi = {10.1016/j.ic.2017.06.001},
  urldate = {2024-10-26},
  abstract = {We show that the maximum independent set problem on an n-vertex graph can be solved in 1.1996nnO(1) time and polynomial space, which even is faster than Robson's 1.2109nnO(1)-time exponential-space algorithm published in 1986. We also obtain improved algorithms for MIS in graphs with maximum degree 6 and 7, which run in time of 1.1893nnO(1) and 1.1970nnO(1), respectively. Our algorithms are obtained by using fast algorithms for MIS in low-degree graphs in a hierarchical way and making a careful analysis on the structure of bounded-degree graphs.},
  keywords = {Amortized analysis,Branch-and-reduce,Exact algorithm,Graph,Independent set,Measure-and-conquer,Polynomial-space},
  file = {/home/leo/snap/zotero-snap/common/Zotero/storage/SJEVR7FX/Xiao and Nagamochi - 2017 - Exact algorithms for maximum independent set.pdf;/home/leo/snap/zotero-snap/common/Zotero/storage/3MAP254N/S0890540117300950.html}
}

@inproceedings{Kneis2009,
  title={A fine-grained analysis of a simple independent set algorithm},
  author={Kneis, Joachim and Langer, Alexander and Rossmanith, Peter},
  booktitle={IARCS Annual Conference on Foundations of Software Technology and Theoretical Computer Science (2009)},
  year={2009},
  organization={Schloss-Dagstuhl-Leibniz Zentrum f{\"u}r Informatik}
}

@Article{Liu2024,
  author	= {Liu, Jin-Guo and Wurtz, Jonathan and Nguyen, Mihn-Thi and
		  Lukin, Mikhail D. and Pichler, Hannes and Wang, Sheng-Tao},
  title		= {Computer-assisted gadget design and problem reduction of
		  unweighted maximum independent set},
  journal	= {unpublished},
  year		= {2024}
}

@article{gray2021hyper,
  title={Hyper-optimized tensor network contraction},
  author={Gray, Johnnie and Kourtis, Stefanos},
  journal={Quantum},
  volume={5},
  pages={410},
  year={2021},
  publisher={Verein zur F{\"o}rderung des Open Access Publizierens in den Quantenwissenschaften}
}

@article{liu2023computing,
  title={Computing solution space properties of combinatorial optimization problems via generic tensor networks},
  author={Liu, Jin-Guo and Gao, Xun and Cain, Madelyn and Lukin, Mikhail D and Wang, Sheng-Tao},
  journal={SIAM Journal on Scientific Computing},
  volume={45},
  number={3},
  pages={A1239--A1270},
  year={2023},
  publisher={SIAM}
}

@article{liao2019differentiable,
  title={Differentiable programming tensor networks},
  author={Liao, Hai-Jun and Liu, Jin-Guo and Wang, Lei and Xiang, Tao},
  journal={Physical Review X},
  volume={9},
  number={3},
  pages={031041},
  year={2019},
  publisher={APS}
}

@article{beylkin2010approximation,
  title={Approximation by exponential sums revisited},
  author={Beylkin, Gregory and Monz{\'o}n, Lucas},
  journal={Applied and Computational Harmonic Analysis},
  volume={28},
  number={2},
  pages={131--149},
  year={2010},
  publisher={Elsevier}
}

@misc{gao2024fast,
      title={A fast spectral sum-of-Gaussians method for electrostatic summation in quasi-2D systems}, 
      author={Xuanzhao Gao and Shidong Jiang and Jiuyang Liang and Zhenli Xu and Qi Zhou},
      year={2024},
      eprint={2412.04595},
      archivePrefix={arXiv},
      primaryClass={math.NA},
      url={https://arxiv.org/abs/2412.04595}, 
}

@article{raab2000dirac,
  title={On the Dirac--Frenkel/McLachlan variational principle},
  author={Raab, A},
  journal={Chemical physics letters},
  volume={319},
  number={5-6},
  pages={674--678},
  year={2000},
  publisher={Elsevier}
}

@article{ganahl2017continuous,
  title={Continuous matrix product states for quantum fields: An energy minimization algorithm},
  author={Ganahl, Martin and Rinc{\'o}n, Juli{\'a}n and Vidal, Guifre},
  journal={Physical review letters},
  volume={118},
  number={22},
  pages={220402},
  year={2017},
  publisher={APS}
}

@book{nielsen2010quantum,
  title={Quantum computation and quantum information},
  author={Nielsen, Michael A and Chuang, Isaac L},
  year={2010},
  publisher={Cambridge university press}
}

@article{stoudenmire2016supervised,
  title={Supervised learning with tensor networks},
  author={Stoudenmire, Edwin and Schwab, David J},
  journal={Advances in neural information processing systems},
  volume={29},
  year={2016}
}

@article{arute2019quantum,
  title={Quantum supremacy using a programmable superconducting processor},
  author={Arute, Frank and Arya, Kunal and Babbush, Ryan and Bacon, Dave and Bardin, Joseph C and Barends, Rami and Biswas, Rupak and Boixo, Sergio and Brandao, Fernando GSL and Buell, David A and others},
  journal={Nature},
  volume={574},
  number={7779},
  pages={505--510},
  year={2019},
  publisher={Nature Publishing Group}
}

@article{pan2022simulation,
  title={Simulation of quantum circuits using the big-batch tensor network method},
  author={Pan, Feng and Zhang, Pan},
  journal={Physical Review Letters},
  volume={128},
  number={3},
  pages={030501},
  year={2022},
  publisher={APS}
}

@article{ebadi2022quantum,
  title={Quantum optimization of maximum independent set using Rydberg atom arrays},
  author={Ebadi, Sepehr and Keesling, Alexander and Cain, Madelyn and Wang, Tout T and Levine, Harry and Bluvstein, Dolev and Semeghini, Giulia and Omran, Ahmed and Liu, J-G and Samajdar, Rhine and others},
  journal={Science},
  volume={376},
  number={6598},
  pages={1209--1215},
  year={2022},
  publisher={American Association for the Advancement of Science}
}

@misc{gao2024programmingguidesolvingconstraint,
      title={Programming guide for solving constraint satisfaction problems with tensor networks}, 
      author={Xuanzhao Gao and Xiaofeng Li and Jinguo Liu},
      year={2024},
      eprint={2501.00227},
      archivePrefix={arXiv},
      primaryClass={physics.comp-ph},
      url={https://arxiv.org/abs/2501.00227}, 
}

@article {hackbusch2000,
    AUTHOR = {W. Hackbusch and B. N. Khoromskij},
     TITLE = {A sparse {$\mathcal{H}$}-matrix arithmetic: {General} complexity estimates}, 
   JOURNAL = {J. Comput. Appl. Math.},
    VOLUME = {125},
      YEAR = {2000},
    NUMBER = {1},
     PAGES = {479--501},
}

@article {hackbusch2002,
    AUTHOR = {W. Hackbusch and S. B\"{o}rm},
     TITLE = {Data-sparse approximation by adaptive {$\mathcal{H}^2$}-matrices},
   JOURNAL = {Computing},
    VOLUME = {69},
      YEAR = {2002},
    NUMBER = {1},
     PAGES = {1--35},
}

@article {hackbusch2002anm,
    AUTHOR = {W. Hackbusch and S. B\"{o}rm},
     TITLE = {{$\mathcal{H}^2$}-matrix approximation of integral operators by interpolation},
   JOURNAL = {Appl. Numer. Math.},
    VOLUME = {43},
      YEAR = {2002},
    NUMBER = {1},
     PAGES = {129--143},
}

@article{Borm-h-2003,
author = {B{\"o}rm, Steffen and Grasedyck, Lars and Hackbusch, Wolfgang},
title = {{Introduction to hierarchical matrices with applications}},
doi = {10.1016/S0955-7997(02)00152-2},
journal = {Eng. Anal. Bound Elem.},
pages = {405--422},
year = {2003},
volume = {27},
number = {5},
}

@incollection{hackbusch-h2-2000,
title={On $\mathcal{H}^2$-Matrices},
author={Hackbusch, W. and Khoromskij, B.N. and Sauter, S.},
booktitle={H.-J. Bungartz, et al. (eds.), Lectures on Applied   Mathematics},
pages={9--30},
year={2000},
publisher={Springer-Verlag, Berlin Heidelberg}
}

@article{HackBorm-h2-2002,
    author = {Hackbusch,  W. and B{\"o}rm, S.},
title = {$\mathcal{H}^2$-matrix approximation of integral operators by interpolation},
    journal = {Appl. Numer. Math.},
    volume = {43},
    year = {2002},
    pages = {129-143}
}

@book{Borm-h2-2010,
  title={Efficient numerical methods for non-local operators: $\mathcal{H}^2$-matrix compression, algorithms and analysis},
  author={B{\"o}rm, Steffen},
  volume={14},
  year={2010},
  publisher={European Mathematical Society}
}

@misc{Hakb-h-lib,
 author={Hackbusch, Wolfgang},
 title = {$\mathcal{H}$Lib Package},
 howpublished={http://www.hlib.org/}
 }

@article{borm-h2lu-2013,
  title={Efficient arithmetic operations for rank-structured matrices based on hierarchical low-rank updates},
  author={B{\"o}rm, Steffen and Reimer, Knut},
  journal={Comput. Vis. Sci.},
  volume={16},
  number={6},
  pages={247--258},
  year={2013},
  publisher={Springer}
}

@book{Hackb-h-mat2009,
  title={Hierarchische Matrizen: Algorithmen und Analysis},
  author={Hackbusch, Wolfgang},
  volume={},
  year={2009},
  publisher={Springer-Verlag Berlin Heidelberg}
}


@article{KeKuPo09,
 author = {Jens Keiner and Stefan Kunis and Daniel Potts},
 title = {Using {NFFT3} - a Software Library for Various Nonequispaced Fast {Fourier} Transforms},
 journal = {{ACM} Trans. Math. Software},
 year = {2009},
 volume = {36},
 pages = {Article 19, 1--30},
 doi = {10.1145/1555386.1555388}}

@article{de1980prsla,
  title={{Simulation of electrostatic systems in periodic boundary conditions. I. Lattice sums and dielectric constants}},
  author={de Leeuw, Simon W. and Perram, William J. and Smith, Roderick E.},
  journal={Proc. R. Soc. Lond. A},
  volume={373},
  number={1752},
  pages={27--56},
  year={1980},
  publisher={The Royal Society London}
}

@article{greengard2000acha,
author = {Leslie Greengard and Patrick Lin},
title = {Spectral approximation of the free-space heat kernel},
journal = {Appl. Comput. Harmon. Anal.},
year = {2000},
volume = {9},
number = {},
pages = {83-97},
}

@article{jiang2023jcp,
  title={A fast method for imposing periodic boundary conditions on arbitrarily-shaped lattices in two dimensions},
  author={Pei, Ruqi and Askham, Travis and Greengard, Leslie and Jiang, Shidong},
  journal={J. Comp. Phys.},
  volume={474},
  pages={111792},
  year={2023},
  publisher={Elsevier}
}

@article{jiang2024sirev,
      title={A new version of the adaptive fast {G}auss transform for discrete and continuous sources}, 
      author={Leslie Greengard and Shidong Jiang and Manas Rachh and Jun Wang},
      year={2024},
      volume={66},
      number = {2},
      journal={SIAM Rev.},
      pages={287--315}
}      
%note={Also available at \url{https://arxiv.org/pdf/2305.07165.pdf}},

% Encoding: UTF-8
@article {fmm2,
    AUTHOR = {Cheng, Hongwei and Greengard, Leslie and Rokhlin, Vladimir},
     TITLE = {A fast adaptive multipole algorithm in three dimensions},
   JOURNAL = {J. Comput. Phys.},
  FJOURNAL = {Journal of Computational Physics},
    VOLUME = {155},
      YEAR = {1999},
    NUMBER = {2},
     PAGES = {468--498},
}

@article {fmm3,
    AUTHOR = {Fong, William and Darve, Eric},
     TITLE = {The black-box fast multipole method},
   JOURNAL = {J. Comput. Phys.},
  FJOURNAL = {Journal of Computational Physics},
    VOLUME = {228},
      YEAR = {2009},
    NUMBER = {23},
     PAGES = {8712--8725},
}

@article {fmm4,
    AUTHOR = {Gimbutas, Zydrunas and Rokhlin,  Vladimir},
     TITLE = {A generalized fast multipole method for nonoscillatory
              kernels},
   JOURNAL = {SIAM J. Sci. Comput.},
  FJOURNAL = {SIAM Journal on Scientific Computing},
    VOLUME = {24},
      YEAR = {2002},
    NUMBER = {3},
     PAGES = {796--817},
}

@article {fmm6,
    AUTHOR = {Greengard, Leslie and Rokhlin,  Vladimir},
     TITLE = {A new version of the fast multipole method for the {L}aplace equation in three dimensions},
    journal = {Acta Numer.},
    VOLUME = {6},
     PAGES = {229--269},
 PUBLISHER = {Cambridge Univ. Press},
      YEAR = {1997},
}

@article {fmm7,
    AUTHOR = {Ying, Lexing and Biros, George and Zorin, Denis},
     TITLE = {A kernel-independent adaptive fast multipole algorithm in two
              and three dimensions},
   JOURNAL = {J. Comput. Phys.},
  FJOURNAL = {Journal of Computational Physics},
    VOLUME = {196},
      YEAR = {2004},
    NUMBER = {2},
     PAGES = {591--626},
}

@article {fmm8,
    AUTHOR = {Zhang, Bo and Huang, Jingfang and Pitsianis, Nikos P. and Sun, Xiaobai},
     TITLE = {A {F}ourier-series-based kernel-independent fast multipole
              method},
   JOURNAL = {J. Comput. Phys.},
  FJOURNAL = {Journal of Computational Physics},
    VOLUME = {230},
      YEAR = {2011},
    NUMBER = {15},
     PAGES = {5807--5821},
}


@article{DEShaw2020JCP,
  title={{The u-series: A separable decomposition for electrostatics computation with improved accuracy}},
  author={Predescu, Cristian and Lerer, Adam K. and Lippert, Ross A. and Towles, Brian and Grossman, J.P. and Dirks, Robert M. and Shaw, David E.},
  journal={J. Chem. Phys.},
  volume={152},
  number={8},
  pages={084113},
  year={2020},
  publisher={AIP Publishing LLC}
}

@article{gan2024random,
  title={Random batch {E}wald method for dielectrically confined {C}oulomb systems},
  author={Gan, Zecheng and Gao, Xuanzhao and Liang, Jiuyang and Xu, Zhenli},
  journal={arXiv:2405.06333},
  year={2024}
}

@article{wang2024time,
  title={{A time splitting Chebyshev-Fourier spectral method for the time-dependent rotating nonlocal Schr{\"o}dinger equation in polar coordinates}},
  author={Wang, Hanquan and Wang, Jing and Zhang, Shaobo and Zhang, Yong},
  journal={J. Comput. Phys.},
  volume={498},
  pages={112680},
  year={2024},
  publisher={Elsevier}
}

@article{messina2004effect,
  title={Effect of image forces on polyelectrolyte adsorption at a charged surface},
  author={Messina, Ren{\'e}},
  journal={Phys. Rev. E},
  volume={70},
  number={5},
  pages={051802},
  year={2004},
  doi = {10.1103/PhysRevE.74.049906}
}

@article{yuan2020structure,
  title={Structure of polyelectrolyte brushes on polarizable substrates},
  author={Yuan, Jiaxing and Antila, Hanne S and Luijten, Erik},
  journal={Macromolecules},
  volume={53},
  number={8},
  pages={2983--2990},
  year={2020},
  doi = {10.1021/acs.macromol.9b02749}
}

@article{cervera2006ionic,
  title={Ionic conduction, rectification, and selectivity in single conical nanopores},
  author={Cervera, Javier and Schiedt, Birgitta and Neumann, Reinhard and others},
  journal={J. Chem. Phys.},
  volume={124},
  number={10},
  pages={104706},
  year={2006},
  doi = {10.1063/1.2179797}
}

@article{nishizawa1995metal,
  title={Metal nanotubule membranes with electrochemically switchable ion-transport selectivity},
  author={Nishizawa, Matsuhiko and Menon, Vinod P and Martin, Charles R},
  journal={Science},
  volume={268},
  number={5211},
  pages={700--702},
  year={1995},
  doi = {10.1126/science.268.5211.700}
}

@article{Jin2020SISC,
	author = {Jin, Shi and Li, Lei and Xu, Zhenli and Zhao, Yue},
	title = {{A random batch Ewald method for particle systems with Coulomb interactions}},
	journal = {SIAM J. Sci. Comput.},
	volume = {43},
	number = {4},
	pages = {B937-B960},
	year = {2021},
	type = {Journal Article}
}

@article{Axel1987Science,
	author = {Br\"unger, Axel T. and Kuriyan, John and Karplus, Martin},
	title = {{Crystallographic R factor refinement by molecular dynamics}},
	journal = {Science},
	volume = {235},
	number = {4787},
	pages = {458-460},
	ISSN = {0036-8075},
	year = {1987},
	type = {Journal Article}
}

@article{karplus1990molecular,
	title={Molecular dynamics simulations in biology},
	author={Karplus, Martin and Petsko, Gregory A},
	journal={Nature},
	volume={347},
	number={6294},
	pages={631--639},
	year={1990},
	publisher={Nature Publishing Group}
}

@article{Vesselin2002NatMater,
	author = {Yamakov, Vesselin and Wolf, Dieter and Phillpot, Simon R and Mukherjee, Amiya K and Gleiter, Herbert},
	title = {Dislocation processes in the deformation of nanocrystalline aluminium by molecular-dynamics simulation},
	journal = {Nature Materials},
	volume = {1},
	number = {1},
	pages = {45-49},
	ISSN = {1476-4660},
	year = {2002},
	type = {Journal Article}
}

@article{Scott2018Neuron,
	author = {Hollingsworth, Scott A. and Dror, Ron O.},
	title = {Molecular dynamics simulation for all},
	journal = {Neuron},
	volume = {99},
	number = {6},
	pages = {1129-1143},
	ISSN = {0896-6273},
	year = {2018},
	type = {Journal Article}
}

@book{Allen2017ComputerLiquids,
	author = {Allen, Michael P and Tildesley, Dominic J},
	title = {{Computer Simulation of Liquids}},
	publisher = {Oxford University Press},
	ISBN = {0192524704},
	year = {2017},
	type = {Book}
}

@book{Frenkel2001Understanding,
	author = {Frenkel, Daan and Smit, Berend},
	title = {{Understanding Molecular Simulation: From Algorithms to Applications}},
	publisher = {Elsevier},
	volume = {1},
	ISBN = {0080519989},
	year = {2001},
	type = {Book}
}

@article{schlick1999algorithmic,
	title={Algorithmic challenges in computational molecular biophysics},
	author={Schlick, Tamar and Skeel, Robert D and Brunger, Axel T and Kal{\'e}, Laxmikant V and Board Jr, John A and Hermans, Jan and Schulten, Klaus},
	journal={J. Comput. Phys.},
	volume={151},
	number={1},
	pages={9--48},
	year={1999},
	publisher={Elsevier}
}

@article{David2011Nanoscale,
	author = {Walker, David A. and Kowalczyk, Bartlomiej and de la Cruz, Monica Olvera and Grzybowski, Bartosz A.},
	title = {Electrostatics at the nanoscale},
	journal = {Nanoscale},
	volume = {3},
	number = {4},
	pages = {1316-1344},
	ISSN = {2040-3372},
	year = {2011},
	type = {Journal Article}
}

@article{French2010Rev,
	author = {French, Roger H. and Parsegian, V Adrian and Podgornik, Rudolf and Rajter, Rick F. and Jagota, Anand and Luo, Jian and Asthagiri, Dilip and Chaudhury, Manoj K. and Chiang, Yet-ming and Granick, Steve},
	title = {Long range interactions in nanoscale science},
	journal = {Rev. Mod. Phys.},
	volume = {82},
	number = {2},
	pages = {1887},
	year = {2010},
	type = {Journal Article}
}

@article{hackbusch2008approximate,
  title={Approximate iterations for structured matrices},
  author={Hackbusch, Wolfgang and Khoromskij, Boris N and Tyrtyshnikov, Eugene E},
  journal={Numer. Math.},
  volume={109},
  number={3},
  pages={365--383},
  year={2008},
  publisher={Springer}
}

@article{bauer2022kernel,
  title={Kernel-independent adaptive construction of {$\mathcal{H}^2$-matrix} approximations},
  author={Bauer, Maximilian and Bebendorf, Mario and Feist, Bernd},
  journal={Numer. Math.},
  volume={150},
  number={1},
  pages={1--32},
  year={2022},
  publisher={Springer}
}

@inproceedings{shaw2021anton,
	title={Anton 3: twenty microseconds of molecular dynamics simulation before lunch},
	author={Shaw, David E and Adams, Peter J and Azaria, Asaph and Bank, Joseph A and Batson, Brannon and Bell, Alistair and Bergdorf, Michael and Bhatt, Jhanvi and Butts, J Adam and Correia, Timothy and others},
	booktitle={Proceedings of the International Conference for High Performance Computing, Networking, Storage and Analysis},
	pages={1--11},
	year={2021}
}

@article{Darden1993JCP,
	author = {Darden, Tom and York, Darrin and Pedersen, Lee},
	title = {{Particle mesh Ewald: An N$\cdot$log(N) method for Ewald sums in large systems}},
	journal = {J. Chem. Phys.},
	volume = {98},
	number = {12},
	pages = {10089-10092},
	ISSN = {0021-9606},
	year = {1993},
	type = {Journal Article}
}

@article{parry1975electrostatic,
	title={The electrostatic potential in the surface region of an ionic crystal},
	author={Parry, David E.},
	journal={Surf. Sci.},
	volume={49},
	number={2},
	pages={433--440},
	year={1975},
	publisher={Elsevier},
    doi = {10.1016/0039-6028(75)90362-3}
}

@article{heyes1977molecular,
	title={Molecular dynamics computer simulation of surface properties of crystalline potassium chloride},
	author={Heyes, DM and Barber, M and Clarke, JHR},
	journal={J. Chem. Soc., Faraday Trans. 2},
	volume={73},
	number={7},
	pages={1485--1496},
	year={1977},
	publisher={Royal Society of Chemistry},
    doi = {10.1039/F29777301485}
}

@article{mazars2007ewald,
  title={{Ewald sums for Yukawa potentials in quasi-two-dimensional systems}},
  author={Mazars, Martial},
  journal={J. Chem. Phys.},
  volume={126},
  number={5},
  year={2007},
  publisher={AIP Publishing}
}

@article{de1979electrostatic,
	title={Electrostatic lattice sums for semi-infinite lattices},
	author={De Leeuw, Simon W and Perram, John W},
	journal={Mol. Phys.},
	volume={37},
	number={4},
	pages={1313--1322},
	year={1979},
	publisher={Taylor \& Francis},
    doi = {10.1080/00268977900100951}
}

@article{Ewald1921AnnPhys,
	author = {Ewald, Paul P.},
	title = {{Die Berechnung optischer und elektrostatischer Gitterpotentiale}},
	journal = {Ann. Phys.},
	volume = {369},
	number = {3},
	pages = {253-287},
	ISSN = {0003-3804},
	year = {1921},
	type = {Journal Article}
}

@article{hammonds2021shadow,
  title={{Shadow Hamiltonian in classical NVE molecular dynamics simulations involving Coulomb interactions}},
  author={Hammonds, KD and Heyes, DM},
  journal={J. Chem. Phys.},
  volume={154},
  number={17},
  year={2021},
  publisher={AIP Publishing}
}

@book{Hockney1988Computer,
	author = {Hockney, Roger W. and Eastwood, James W.},
	title = {{Computer Simulation Using Particles}},
	publisher = {CRC Press},
	ISBN = {1439822050},
	year = {1988},
	type = {Book}
}

@article{essmann1995smooth,
	title={{A smooth particle mesh Ewald method}},
	author={Essmann, Ulrich and Perera, Lalith and Berkowitz, Max L and Darden, Tom and Lee, Hsing and Pedersen, Lee G},
	journal={J. Chem. Phys.},
	volume={103},
	number={19},
	pages={8577--8593},
	year={1995},
	publisher={American Institute of Physics}
}

@article{shan2005gaussian,
	title={{Gaussian split Ewald: A fast Ewald mesh method for molecular simulation}},
	author={Shan, Yibing and Klepeis, John L. and Eastwood, Michael P. and Dror, Ron O. and Shaw, David E.},
	journal={J. Chem. Phys.},
	volume={122},
	number={5},
	pages={054101},
	year={2005},
	publisher={American Institute of Physics}
}

@article{Barnes1986Nature,
	author = {Barnes, Josh and Hut, Piet},
	title = {{A hierarchical O (N log N) force-calculation algorithm}},
	journal = {Nature},
	volume = {324},
	number = {6096},
	pages = {446-449},
	ISSN = {1476-4687},
	year = {1986},
	type = {Journal Article}
}

@article{nufft1,
    AUTHOR = {Alok Dutt and  Vladimir Rokhlin},
    TITLE = {Fast {F}ourier transforms for nonequispaced data},
    JOURNAL = {SIAM J. Sci. Comput.},
    VOLUME = {14},
    YEAR = {1993},
    PAGES = {1368--1393},
}

@article{nufft2,
    AUTHOR = {Alok Dutt and  Vladimir Rokhlin},
    TITLE = {Fast {F}ourier transforms for nonequispaced data. {II}},
    JOURNAL = {Appl. Comput. Harmon. Anal.},
    VOLUME = {2},
    YEAR = {1995},
    PAGES = {85--100},
}

@article{nufft4,
    AUTHOR = {J. A. Fessler and B. P. Sutton},
    TITLE = {Nonuniform fast Fourier transforms using minmax interpolatio},
    JOURNAL = {IEEE Trans. Signal Proc.},
    VOLUME = {51},
    YEAR = {2003},
    PAGES = {560--574},
}

@article{nufft5,
    AUTHOR = {K. Fourmont},
    TITLE = {Non-equispaced fast fourier transforms with applications to tomography},
    JOURNAL = {IEEE Trans. Signal Proc.},
    VOLUME = {9},
    YEAR = {2003},
    PAGES = {431--450},
}

@article{nufft3,
    AUTHOR = {Leslie Greengard and June-Yub Lee},
    TITLE = {Accelerating the nonuniform fast {F}ourier transform},
    JOURNAL = {SIAM Rev.},
    VOLUME = {46},
    YEAR = {2004},
    PAGES = {443--454},
}

@article{Greengard1994Science,
	author = {Greengard, Leslie},
	title = {Fast algorithms for classical physics},
	journal = {Science},
	volume = {265},
	number = {5174},
	pages = {909-914},
	ISSN = {0036-8075},
	year = {1994},
	type = {Journal Article}
}

@article{greengard1987fast,
	title={A fast algorithm for particle simulations},
	author={Greengard, Leslie and Rokhlin, Vladimir},
	journal={{J. Comput. Phys.}},
	volume={73},
	number={2},
	pages={325--348},
	year={1987},
	publisher={Elsevier}
}

@article{duan2001adaptive,
	title={An adaptive treecode for computing nonbonded potential energy in classical molecular systems},
	author={Duan, Zhong-Hui and Krasny, Robert},
	journal={J. Comput. Chem.},
	volume={22},
	number={2},
	pages={184--195},
	year={2001},
	publisher={Wiley Online Library}
}

@book{trottenberg2000multigrid,
	title={Multigrid},
	author={Trottenberg, Ulrich and Oosterlee, Cornelius W. and Schuller, Anton},
	year={2000},
	publisher={Elsevier}
}

@article{maggs2002local,
	title={{Local simulation algorithms for Coulomb interactions}},
	author={Maggs, AC and Rossetto, Vincent},
	journal={Phys. Rev. Lett.},
	volume={88},
	number={19},
	pages={196402},
	year={2002},
	publisher={APS}
}

@article{arnold2002electrostatics,
  title={Electrostatics in periodic slab geometries. {I}},
  author={Arnold, Axel and de Joannis, Jason and Holm, Christian},
  journal={J. Chem. Phys.},
  volume={117},
  number={6},
  pages={2496--2502},
  year={2002},
  publisher={American Institute of Physics},
  doi = {10.1063/1.1491955}
}

@article{Arnold2013PRE,
	author = {Arnold, Axel and Fahrenberger, Florian and Holm, Christian and Lenz, Olaf and Bolten, Matthias and Dachsel, Holger and Halver, Rene and Kabadshow, Ivo and G\"ahler, Franz and Heber, Frederik},
	title = {Comparison of scalable fast methods for long-range interactions},
	journal = {Phys. Rev. E},
	volume = {88},
	number = {6},
	pages = {063308},
	year = {2013},
	type = {Journal Article}
}

@article{beylkin2005approximation,
	title={On approximation of functions by exponential sums},
	author={Beylkin, Gregory and Monz{\'o}n, Lucas},
	journal={Appl. Comput. Harmon. Anal.},
	volume={19},
	number={1},
	pages={17--48},
	year={2005},
	publisher={Elsevier}
}

@Article{jiuyang2021AAMM, 
	author = {Liang , Jiuyang and Gao , Zixuan and Xu , Zhenli}, 
	title = {{A kernel-independent sum-of-Gaussians method by de la Vallee-Poussin sums}}, 
	journal = {Adv. Appl. Math. Mech.},
	year = {2021}, 
	volume = {13}, 
	number = {5}, 
	pages = {1126--1141}
}

@article{evans1980least,
	title={On least squares exponential sum approximation with positive coefficients},
	author={Evans, John W and Gragg, William B and LeVeque, Randall J},
	journal={Math. Comput.},
	volume={34},
	number={149},
	pages={203--211},
	year={1980}
}

@article{greengard2018anisotropic,
	title={The anisotropic truncated kernel method for convolution with free-space {Green's} functions},
	author={Greengard, Leslie and Jiang, Shidong and Zhang, Yong},
	journal={SIAM J. Sci. Comput.},
	volume={40},
	number={6},
	pages={A3733--A3754},
	year={2018},
	publisher={SIAM}
}

@article{malone2021structural,
	title={{Structural basis for backtracking by the SARS-CoV-2 replication--transcription complex}},
	author={Malone, Brandon and Chen, James and Wang, Qi and Llewellyn, Eliza and Choi, Young Joo and Olinares, Paul Dominic B and Cao, Xinyun and Hernandez, Carolina and Eng, Edward T and Chait, Brian T and others},
	journal={P. Natl. Acad. Sci.},
	volume={118},
	number={19},
	year={2021},
	publisher={National Acad Sciences}
}

@article{yan2020structural,
	title={{Structural basis of AZD9291 selectivity for EGFR T790M}},
	author={Yan, Xiao-E and Ayaz, Pelin and Zhu, Su-Jie and Zhao, Peng and Liang, Ling and Zhang, Casey H and Wu, Ya-Chuang and Li, Je-Luen and Choi, Hwan Geun and Huang, Xin and others},
	journal={J. Med. Chem.},
	volume={63},
	number={15},
	pages={8502--8511},
	year={2020},
	publisher={ACS Publications}
}

@article{thompson2022lammps,
	title={{LAMMPS-a flexible simulation tool for particle-based materials modeling at the atomic, meso, and continuum scales}},
	author={Thompson, Aidan P. and Aktulga, H. Metin and Berger, Richard and Bolintineanu, Dan S. and Brown, W. Michael and Crozier, Paul S. and in't Veld, Pieter J. and Kohlmeyer, Axel and Moore, Stan G. and Nguyen, Trung Dac and others},
	journal={Comput. Phys. Commun.},
	volume={271},
	pages={108171},
	year={2022},
	publisher={Elsevier}
}

@article{jin2020random,
	title={{Random batch methods (RBM) for interacting particle systems}},
	author={Jin, Shi and Li, Lei and Liu, Jian-Guo},
	journal={J. Comput. Phys.},
	volume={400},
	pages={108877},
	year={2020},
	publisher={Elsevier}
}

@article{liang2022superscalability,
	title={{Superscalability of the random batch Ewald method}},
	author={Liang, Jiuyang and Tan, Pan and Zhao, Yue and Li, Lei and Jin, Shi and Hong, Liang and Xu, Zhenli},
	journal={J. Chem. Phys.},
	volume={156},
	number={1},
	pages={014114},
	year={2022},
	publisher={AIP Publishing LLC}
}

@article{liang2022JCP2,
    author = {Liang, Jiuyang and Tan, Pan and Hong, Liang and Jin, Shi and Xu, Zhenli and Li, Lei},
    title = {A random batch {E}wald method for charged particles in the isothermal–isobaric ensemble},
    journal = {J. Chem. Phys.},
    volume = {157},
    number = {14},
    pages = {144102},
    year = {2022},
    month = {10}
}

@article{abraham2015gromacs,
	title={{GROMACS: High performance molecular simulations through multi-level parallelism from laptops to supercomputers}},
	author={Abraham, James M. and Murtola, Teemu and Schulz, Roland and P{\'a}ll, Szil{\'a}rd and Smith, Jeremy C. and Hess, Berk and Lindahl, Erik},
	journal={SoftwareX},
	volume={1},
	pages={19--25},
	year={2015},
	publisher={Elsevier}
}

@article{hardy2015multilevel,
	title={Multilevel summation method for electrostatic force evaluation},
	author={Hardy, David J and Wu, Zhe and Phillips, James C and Stone, John E and Skeel, Robert D and Schulten, Klaus},
	journal={J. Chem. Theory Comput.},
	volume={11},
	number={2},
	pages={766--779},
	year={2015},
	publisher={ACS Publications}
}

@article{brandt1998multilevel,
	title={Multilevel evaluation of integral transforms with asymptotically smooth kernels},
	author={Brandt, Achi and Venner, Cornelis H},
	journal={SIAM J. Sci. Comput.},
	volume={19},
	number={2},
	pages={468--492},
	year={1998},
	publisher={SIAM}
}

@article{hardy2016multilevel,
	title={{Multilevel summation with B-spline interpolation for pairwise interactions in molecular dynamics simulations}},
	author={Hardy, David J and Wolff, Matthew A and Xia, Jianlin and Schulten, Klaus and Skeel, Robert D},
	journal={J. Chem. Phys.},
	volume={144},
	number={11},
	pages={114112},
	year={2016},
	publisher={AIP Publishing LLC}
}

@article{exl2016accurate,
	title={{Accurate and efficient computation of nonlocal potentials based on Gaussian-sum approximation}},
	author={Exl, Lukas and Mauser, Norbert J and Zhang, Yong},
	journal={J. Comput. Phys.},
	volume={327},
	pages={629--642},
	year={2016},
	publisher={Elsevier}
}

@article{cerioni2012efficient,
	title={{Efficient and accurate solver of the three-dimensional screened and unscreened Poisson's equation with generic boundary conditions}},
	author={Cerioni, Alessandro and Genovese, Luigi and Mirone, Alessandro and Sole, Vicente Armando},
	journal={J. Chem. Phys.},
	volume={137},
	number={13},
	pages={134108},
	year={2012},
	publisher={American Institute of Physics}
}

@article{HOSSEINY202018,
title = {Complex exponential functions: {A} high-precision hardware realization},
journal = {Integration},
volume = {73},
pages = {18-29},
year = {2020},
author = {Adel Hosseiny and Ghassem Jaberipur}
}

@book{Trefethen2019App,
author = {Trefethen, Lloyd N.},
title = {{Approximation Theory and Approximation Practice, Extended Edition}},
publisher = {{Society for Industrial and Applied Mathematics}},
year = {2019}
}

@article{gao2022kernel,
  title={A Kernel-independent sum-of-exponentials method},
  author={Gao, Zixuan and Liang, Jiuyang and Xu, Zhenli},
  journal={J. Sci. Comput.},
  volume={93},
  number={2},
  pages={40},
  year={2022},
  publisher={Springer}
}

@article{smith2008electrostatic,
    title={Electrostatic potentials in systems periodic in one, two, and three dimensions},
    author={Smith, Roderick E.},
    journal={J. Chem. Phys.},
    volume = {128},
    number = {17},
    pages = {174104},
    year = {2008},
    month = {05},
    publisher={AIP Publishing},
    issn = {0021-9606},
    doi = {10.1063/1.2908076},
}


@article{zhang2021fast,
	title={Fast one-dimensional convolution with general kernels using sum-of-exponential approximation},
	author={Zhang, Yong and Zhuang, Chijie and Jiang, Shidong},
	journal={Commun. Comput. Phys.},
	volume={29},
	number={5},
	pages={1570--1582},
	year={2021},
	publisher={Global Science Press}
}

@article{Trefen2014SIAMRev,
author = {Trefethen, Lloyd N. and Weideman, J. A. C.},
title = {The exponentially convergent trapezoidal rule},
journal = {SIAM Rev.},
volume = {56},
number = {3},
pages = {385-458},
year = {2014}
}

@article{wiscombe1977exponential,
	title={Exponential-sum fitting of radiative transmission functions},
	author={Wiscombe, WJ and Evans, JW},
	journal={J. Comput. Phys.},
	volume={24},
	number={4},
	pages={416--444},
	year={1977},
	publisher={Elsevier}
}

@book{hansen2013theory,
	title={Theory of simple liquids: with applications to soft matter},
	author={Hansen, Jean-Pierre and McDonald, Ian Ranald},
	year={2013},
	publisher={Academic press}
}

@article{benedetto1997sampling,
	title={Sampling multipliers and the Poisson summation formula},
	author={Benedetto, John J and Zimmermann, Georg},
	journal={J. Fourier Anal. Appl.},
	volume={3},
	number={5},
	pages={505--523},
	year={1997},
	publisher={Springer}
}

@article{hastings1970monte,
	title={{Monte Carlo sampling methods using Markov chains and their applications}},
	author={Hastings, W Keith},
	year={1970},
	publisher={Oxford University Press}
}

@article{levin2002electrostatic,
	title={Electrostatic correlations: from plasma to biology},
	author={Levin, Yan},
	journal={Rep. Prog. Phys.},
	volume={65},
	number={11},
	pages={1577},
	year={2002},
	publisher={IOP Publishing}
}

@article{teng2003microscopic,
  title={Microscopic observation of confinement-induced layering and slow dynamics of dusty-plasma liquids in narrow channels},
  author={Teng, Lee-Wen and Tu, Pei-Shan and Lin, I},
  journal={Phys. Rev. Lett.},
  volume={90},
  number={24},
  pages={245004},
  year={2003},
  publisher={APS}
}

@book{hille2001ionic,
  title={{Ionic Channels of Excitable Membranes}},
  author={Hille, Bertil},
  publisher={Sinauer Associates Inc., Sunderland, MA},
  year={2001}
}

@article{kawamoto2002history,
  title={The history of liquid-crystal displays},
  author={Kawamoto, Hirohisa},
  journal={Proc. IEEE},
  volume={90},
  number={4},
  pages={460--500},
  year={2002},
  publisher={IEEE}
}

@article{kaganer1999structure,
  title={{Structure and phase transitions in Langmuir monolayers}},
  author={Kaganer, Vladimir M and M{\"o}hwald, Helmuth and Dutta, Pulak},
  journal={Rev. Mod. Phys.},
  volume={71},
  number={3},
  pages={779},
  year={1999},
  publisher={APS}
}

@article{santambrogio2015optimal,
	title={Optimal transport for applied mathematicians},
	author={Santambrogio, Filippo},
	journal={Birk{\"a}user, NY},
	volume={55},
	number={58-63},
	pages={94},
	year={2015},
	publisher={Springer}
}

@article{pall2013flexible,
	title={{A flexible algorithm for calculating pair interactions on SIMD architectures}},
	author={P{\'a}ll, Szil{\'a}rd and Hess, Berk},
	journal={Comput. Phys. Commun.},
	volume={184},
	number={12},
	pages={2641--2650},
	year={2013},
	publisher={Elsevier}
}

@article{plimpton1995fast,
	title={Fast parallel algorithms for short-range molecular dynamics},
	author={Plimpton, Steve},
	journal={J. Comput. Phys.},
	volume={117},
	number={1},
	pages={1--19},
	year={1995},
	publisher={Elsevier}
}

@article{yan2018flexibly,
  title={{Flexibly imposing periodicity in kernel independent FMM: A multipole-to-local operator approach}},
  author={Yan, Wen and Shelley, Michael},
  journal={J. Comput. Phys.},
  volume={355},
  pages={214--232},
  year={2018},
  publisher={Elsevier}
}

@article{liang2020harmonic,
	title={Harmonic surface mapping algorithm for molecular dynamics simulations of particle systems with planar dielectric interfaces},
	author={Liang, Jiuyang and Yuan, Jiaxing and Luijten, Erik and Xu, Zhenli},
	journal={J. Chem. Phys.},
	volume={152},
	number={13},
	pages={134109},
	year={2020},
	publisher={AIP Publishing LLC}
}

@article{yuan2021particle,
	title={Particle--particle particle--mesh algorithm for electrolytes between charged dielectric interfaces},
	author={Yuan, Jiaxing and Antila, Hanne S and Luijten, Erik},
	journal={J. Chem. Phys.},
	volume={154},
	number={9},
	pages={094115},
	year={2021},
	publisher={AIP Publishing LLC}
}

@article{maxian2021fast,
	title={A fast spectral method for electrostatics in doubly periodic slit channels},
	author={Maxian, Ondrej and Pel{\'a}ez, Ra{\'u}l P. and Greengard, Leslie and Donev, Aleksandar},
	journal={J. Chem. Phys.},
	volume={154},
	number={20},
	pages={204107},
	year={2021},
	publisher={AIP Publishing LLC}
}

@article{spivak2010fast,
	title={{The fast generalized Gauss transform}},
	author={Spivak, Marina and Veerapaneni, Shravan K and Greengard, Leslie},
	journal={SIAM J. Sci. Comput.},
	volume={32},
	number={5},
	pages={3092--3107},
	year={2010},
	publisher={SIAM}
}

@article{verlet1967computer,
title={{Computer ``experiments'' on classical fluids. I. Thermodynamical properties of Lennard-Jones molecules}},
author={Verlet, Loup},
journal={Phys. Rev.},
volume={159},
number={1},
pages={98},
year={1967},
publisher={APS}
}

@article{cheng1999fast,
	title={A fast adaptive multipole algorithm in three dimensions},
	author={Cheng, Hongwei and Greengard, Leslie and Rokhlin, Vladimir},
	journal={J. Comput. Phys.},
	volume={155},
	number={2},
	pages={468--498},
	year={1999},
	publisher={Elsevier}
}

@article{carrillo2021consensus,
  title={A consensus-based global optimization method for high dimensional machine learning problems},
  author={Carrillo, Jos{\'e} A and Jin, Shi and Li, Lei and Zhu, Yuhua},
  journal={ESAIM: Control, Optimisation and Calculus of Variations},
  volume={27},
  pages={S5},
  year={2021},
  publisher={EDP Sciences}
}

@article{jiang2008efficient,
	title={{Efficient representation of nonreflecting boundary conditions for the time-dependent Schr{\"o}dinger equation in two dimensions}},
	author={Jiang, Shidong and Greengard, Leslie},
	journal={Commun. Pur. Appl. Math.},
	volume={61},
	number={2},
	pages={261--288},
	year={2008},
	publisher={Wiley Online Library}
}

@article{berendsen1987missing,
	title={The missing term in effective pair potentials},
	author={Berendsen, HJC and Grigera, JR and Straatsma, TP},
	journal={J. Phys. Chem.},
	volume={91},
	number={24},
	pages={6269--6271},
	year={1987},
	publisher={ACS Publications}
}

@article{tuckerman2006liouville,
	title={A Liouville-operator derived measure-preserving integrator for molecular dynamics simulations in the isothermal--isobaric ensemble},
	author={Tuckerman, Mark E and Alejandre, Jos{\'e} and L{\'o}pez-Rend{\'o}n, Roberto and Jochim, Andrea L and Martyna, Glenn J},
	journal={J. Phys. A-Math. Gen.},
	volume={39},
	number={19},
	pages={5629},
	year={2006},
	publisher={IOP Publishing}
}

@article{krautler2001fast,
	title={A fast SHAKE algorithm to solve distance constraint equations for small molecules in molecular dynamics simulations},
	author={Kr{\"a}utler, Vincent and Van Gunsteren, Wilfred F and H{\"u}nenberger, Philippe H},
	journal={J. Comput. Chem.},
	volume={22},
	number={5},
	pages={501--508},
	year={2001},
	publisher={Wiley Online Library}
}

@article{kolafa1992cutoff,
	title={{Cutoff errors in the Ewald summation formulae for point charge systems}},
	author={Kolafa, Jiri and Perram, John W.},
	journal={Mol. Simulat.},
	volume={9},
	number={5},
	pages={351--368},
	year={1992},
	publisher={Taylor \& Francis}
}

@article{pronk2013gromacs,
	title={{GROMACS 4.5: a high-throughput and highly parallel open source molecular simulation toolkit}},
	author={Pronk, Sander and P{\'a}ll, Szil{\'a}rd and Schulz, Roland and Larsson, Per and Bjelkmar, P{\"a}r and Apostolov, Rossen and Shirts, Michael R and Smith, Jeremy C and Kasson, Peter M and Van Der Spoel, David and others},
	journal={Bioinformatics},
	volume={29},
	number={7},
	pages={845--854},
	year={2013},
	publisher={Oxford University Press}
}

@article{price2004modified,
	title={{A modified TIP3P water potential for simulation with Ewald summation}},
	author={Price, Daniel J and Brooks III, Charles L},
	journal={J. Chem. Phys.},
	volume={121},
	number={20},
	pages={10096--10103},
	year={2004},
	publisher={American Institute of Physics}
}

@article{li2020random,
	title={{A random-batch Monte Carlo method for many-body systems with singular kernels}},
	author={Li, Lei and Xu, Zhenli and Zhao, Yue},
	journal={SIAM J. Sci. Comput.},
	volume={42},
	number={3},
	pages={A1486--A1509},
	year={2020},
	publisher={SIAM}
}

@article{canongia2004molecular,
	title={Molecular force field for ionic liquids composed of triflate or bistriflylimide anions},
	author={Canongia Lopes, Jos{\'e} N and P{\'a}dua, Ag{\'\i}lio AH},
	journal={J. Phys. Chem. B},
	volume={108},
	number={43},
	pages={16893--16898},
	year={2004},
	publisher={ACS Publications}
}

@article{liang2021random2,
	title={Random-batch list algorithm for short-range molecular dynamics simulations},
	author={Liang, Jiuyang and Xu, Zhenli and Zhao, Yue},
	journal={J. Chem. Phys.},
	volume={155},
	number={4},
	pages={044108},
	year={2021},
	publisher={AIP Publishing LLC}
}

@article{mark2001structure,
	title={{Structure and dynamics of the TIP3P, SPC, and SPC/E water models at 298 K}},
	author={Mark, Pekka and Nilsson, Lennart},
	journal={J. Phys. Chem. A},
	volume={105},
	number={43},
	pages={9954--9960},
	year={2001},
	publisher={ACS Publications}
}

@article{deserno1998mesh,
	title={{How to mesh up Ewald sums. II. An accurate error estimate for the particle--particle--particle-mesh algorithm}},
	author={Deserno, Markus and Holm, Christian},
	journal={J. Chem. Phys.},
	volume={109},
	number={18},
	pages={7694--7701},
	year={1998},
	publisher={American Institute of Physics}
}	

@inproceedings{ayala2021scalability,
	title={Scalability issues in FFT computation},
	author={Ayala, Alan and Tomov, Stanimire and Stoyanov, Miroslav and Dongarra, Jack},
	booktitle={International Conference on Parallel Computing Technologies},
	pages={279--287},
	year={2021},
	organization={Springer}
}

@article{rf31reevaluating,
	title={{Reevaluating Amdhal's law}},
	author={Gustafson, John L.},
	journal={Comm. ACM},
	volume={31},
	pages={532--533}
}

@article{telles2021simulations,
	title={{Simulations of electroosmotic flow in charged nanopores using Dissipative Particle Dynamics with Ewald summation}},
	author={Telles, Igor M and Bombardelli, Rog{\'e}rio K and dos Santos, Alexandre P and Levin, Yan},
	journal={J. Mol. Liq.},
	volume={336},
	pages={116263},
	year={2021},
	publisher={Elsevier}
}

@article{smith1981electrostatic,
	title={Electrostatic energy in ionic crystals},
	author={Smith, Roderick E.},
	journal={Proc. R. Soc. London},
	volume={375},
	number={1763},
	pages={475--505},
	year={1981},
	publisher={The Royal Society London}
}

@article{yeh1999ewald,
	title={Ewald summation for systems with slab geometry},
	author={Yeh, In-Chul and Berkowitz, Max L.},
	journal={J. Chem. Phys.},
	volume={111},
	number={7},
	pages={3155--3162},
	year={1999},
	publisher={American Institute of Physics}
}

@article{hu2014infinite,
	title={Infinite boundary terms of ewald sums and pairwise interactions for electrostatics in bulk and at interfaces},
	author={Hu, Zhonghan},
	journal={J. Chem. Theory Comput.},
	volume={10},
	number={12},
	pages={5254--5264},
	year={2014},
	publisher={ACS Publications}
}

@article{dos2016simulations,
	title={{Simulations of Coulomb systems with slab geometry using an efficient 3D Ewald summation method}},
	author={dos Santos, Alexandre P and Girotto, Matheus and Levin, Yan},
	journal={J. Chem. Phys.},
	volume={144},
	number={14},
	pages={144103},
	year={2016},
	publisher={AIP Publishing LLC}
}

@article{liang2022hsma,
	title={{HSMA: An $O(N)$ electrostatics package implemented in LAMMPS}},
	author={Liang, Jiuyang and Yuan, Jiaxing and Xu, Zhenli},
	journal={Comput. Phys. Commun.},
	pages={108332},
	year={2022},
	publisher={Elsevier}
}

@article{chmiela2017machine,
	title={Machine learning of accurate energy-conserving molecular force fields},
	author={Chmiela, Stefan and Tkatchenko, Alexandre and Sauceda, Huziel E and Poltavsky, Igor and Sch{\"u}tt, Kristof T and M{\"u}ller, Klaus-Robert},
	journal={Sci. Adv.},
	volume={3},
	number={5},
	pages={e1603015},
	year={2017},
	publisher={American Association for the Advancement of Science}
}

@article{chmiela2018towards,
	title={Towards exact molecular dynamics simulations with machine-learned force fields},
	author={Chmiela, Stefan and Sauceda, Huziel E and M{\"u}ller, Klaus-Robert and Tkatchenko, Alexandre},
	journal={Nat. Commun.},
	volume={9},
	number={1},
	pages={1--10},
	year={2018},
	publisher={Nature Publishing Group}
}

@article{leiserson2020there,
	title={{There's plenty of room at the Top: What will drive computer performance after Moore's law?}},
	author={Leiserson, Charles E and Thompson, Neil C and Emer, Joel S and Kuszmaul, Bradley C and Lampson, Butler W and Sanchez, Daniel and Schardl, Tao B},
	journal={Science},
	volume={368},
	number={6495}, 
	pages={eaam9744},
	year={2020},
	publisher={American Association for the Advancement of Science}
}

@inproceedings{jia2020pushing,
	title={{Pushing the limit of molecular dynamics with ab initio accuracy to 100 million atoms with machine learning}},
	author={Jia, Weile and Wang, Han and Chen, Mohan and Lu, Denghui and Lin, Lin and Car, Roberto and Weinan, E and Zhang, Linfeng},
	booktitle={SC20: International conference for high performance computing, networking, storage and analysis},
	pages={1--14},
	year={2020},
	organization={IEEE}
}

@article{arnold2002novel,
	title={{A novel method for calculating electrostatic interactions in 2D periodic slab geometries}},
	author={Arnold, Axel and Holm, Christian},
	journal={Chem. Phys. Lett.},
	volume={354},
	number={3-4},
	pages={324--330},
	year={2002},
	publisher={Elsevier}
}

@article{moore1981principal,
	title={{Principal component analysis in linear systems: Controllability, observability, and model reduction}},
	author={Moore, Bruce},
	journal={IEEE T. Automat. Contr.},
	volume={26},
	number={1},
	pages={17--32},
	year={1981},
	publisher={IEEE}
}

@article{wolff1999tabulated,
	title={Tabulated potentials in molecular dynamics simulations},
	author={Wolff, D and Rudd, WG},
	journal={Comput. Phys. Commun.},
	volume={120},
	number={1},
	pages={20--32},
	year={1999},
	publisher={Elsevier}
}

@article{andrea1983role,
	title={The role of long ranged forces in determining the structure and properties of liquid water},
	author={Andrea, Tariq A and Swope, William C and Andersen, Hans C},
	journal={J. Chem. Phys.},
	volume={79},
	number={9},
	pages={4576--4584},
	year={1983},
	publisher={American Institute of Physics}
}

@article{madelung1918elektrische,
	title={{Das elektrische Feld in Systemen von regelm{\"a}{\ss}ig angeordneten Punktladungen}},
	author={Madelung, Erwin},
	journal={Phys. Z},
	volume={19},
	number={524},
	pages={32},
	year={1918}
}


@article{liang2023random,
  title={{Random batch sum-of-Gaussians method for molecular dynamics simulations of particle systems}},
  author={Liang, Jiuyang and Xu, Zhenli and Zhou, Qi},
  journal={SIAM J. Sci. Comput.},
  volume={45},
  number={5},
  pages={B591--B617},
  year={2023},
  publisher={SIAM}
}

@article{jiang2022approximating,
	title={{Approximating the Gaussian as a Sum of Exponentials and its Applications to the Fast Gauss Transform}},
	author={Jiang, Shidong and Greengard, Leslie},
	journal={Commun. Comput. Phys.},
	volume={31},
	number={1},
	pages={1--26},
	year={2022},
	publisher={Global Science Press Office B, 9/F, Kings Wing Plaza2, No. 1 On Kwan St~…}
}

@article{Robin2021Science,
author = {Paul Robin  and Nikita Kavokine  and Lyd\'eric Bocquet },
title = {Modeling of emergent memory and voltage spiking in ionic transport through angstrom-scale slits},
journal = {Science},
volume = {373},
number = {6555},
pages = {687-691},
year = {2021}}

@article{dutt1993fast,
  title={{Fast Fourier transforms for nonequispaced data}},
  author={Dutt, Alok and Rokhlin, Vladimir},
  journal={SIAM J. Sci. Comput.},
  volume={14},
  number={6},
  pages={1368--1393},
  year={1993},
  publisher={SIAM}
}

@article{nestler2016parameter,
	title={{Parameter tuning for the NFFT based fast Ewald summation}},
	author={Nestler, Franziska},
	journal={Front. Phys.},
	volume={4},
	pages={28},
	year={2016},
	publisher={Frontiers}
}

@article{borm2010approximation,
  title={Approximation of solution operators of elliptic partial differential equations by {$\mathcal{H}$}- and {$\mathcal{H}^2$}-matrices},
  author={B{\"o}rm, Steffen},
  journal={Numer. Math.},
  volume={115},
  number={2},
  pages={165--193},
  year={2010},
  publisher={Springer}
}

@article{barnett2019parallel,
	title={{A parallel nonuniform fast Fourier transform library based on an ``Exponential of semicircle'' kernel}},
	author={Barnett, Alexander H. and Magland, Jeremy and af Klinteberg, Ludvig},
	journal={SIAM J. Sci. Comput.},
	volume={41},
	number={5},
	pages={C479--C504},
	year={2019},
	publisher={SIAM}
}

@book{jackson1999classical,
	title={{Classical Electrodynamics, 3rd Edition}},
	author={Jackson, John David},
	year={1999},
	publisher={Wiley}
}

@article{bagge2022fast,
	title={{Fast Ewald summation for Stokes flow with arbitrary periodicity}},
	author={Bagge, Joar and Tornberg, Anna-Karin},
	journal={J. Comput. Phys.},
	volume={493},
	pages={112473},
	year={2023},
	publisher={Elsevier}
}

@article{shamshirgar2017spectral,
	title={{The Spectral Ewald method for singly periodic domains}},
	author={Shamshirgar, Davoud Saffar and Tornberg, Anna-Karin},
	journal={J. Comput. Phys.},
	volume={347},
	pages={341--366},
	year={2017},
	publisher={Elsevier}
}

@article{nestler2015fast,
	title={{Fast Ewald summation based on NFFT with mixed periodicity}},
	author={Nestler, Franziska and Pippig, Michael and Potts, Daniel},
	journal={J. Comput. Phys.},
	volume={285},
	pages={280--315},
	year={2015},
	publisher={Elsevier}
}

@article{minary2002new,
	title={A new reciprocal space based treatment of long range interactions on surfaces},
	author={Minary, Peter and Tuckerman, Mark E and Pihakari, Katianna A and Martyna, Glenn J},
	journal={J. Chem. Phys.},
	volume={116},
	number={13},
	pages={5351--5362},
	year={2002},
	publisher={American Institute of Physics}
}

@book{powell1981approximation,
	title={{Approximation Theory and Methods}},
	author={Powell, Michael James David},
	year={1981},
	publisher={Cambridge University Press}
}


@article{lindbo2011spectral,
	title={{Spectral accuracy in fast Ewald-based methods for particle simulations}},
	author={Lindbo, Dag and Tornberg, Anna-Karin},
	journal={J. Comput. Phys.},
	volume={230},
	number={24},
	pages={8744--8761},
	year={2011},
	publisher={Elsevier}
}

@article{osipov2013prolate,
  title={Prolate spheroidal wave functions of order zero},
  author={Osipov, Andrei and Rokhlin, Vladimir and Xiao, Hong and others},
  journal={Springer Ser. Appl. Math. Sci.},
  volume={187},
  year={2013},
  publisher={Springer}
}

@article{kaiser1980use,
  title={{On the use of the $I_0-\sinh$ window for spectrum analysis}},
  author={Kaiser, James F. and Schafer, Ronald W.},
  journal={{IEEE} Trans. Acoust., Speech, Signal Processing},
  volume={28},
  number={1},
  pages={105--107},
  year={1980},
  publisher={IEEE}
}

@article{greengard1991spectral,
	title={Spectral integration and two-point boundary value problems},
	author={Greengard, Leslie},
	journal={SIAM J. Numer. Anal.},
	volume={28},
	number={4},
	pages={1071--1080},
	year={1991},
	publisher={SIAM}
}

@article{liang2023error,
      title={Error estimate of the u-series method for molecular dynamics simulations}, 
      author={Jiuyang Liang and Zhenli Xu and Qi Zhou},
      year={2023},
      journal={arXiv:2305.05369}
}

@article{greengard2023dual,
      title={A Dual-space Multilevel Kernel-splitting Framework for Discrete and Continuous Convolution}, 
      author={Shidong Jiang and Leslie Greengard}, 
    journal = {accepted by Commun. Pure Appl. Math. (2024), also available at \url{https://arxiv.org/pdf/2308.00292.pdf}},
volume = {},
number = {},
pages = {},
       year={2024}
}
%note={Also available at \url{https://arxiv.org/pdf/2308.00292.pdf}},

@article{Pippig2013SISC,
author = {Pippig, Michael},
title = {{PFFT: An extension of FFTW to massively parallel architectures}},
journal = {SIAM J. Sci. Comput.},
volume = {35},
number = {3},
pages = {C213-C236},
year = {2013}
}

@book{grafakos2009modern,
	title={{Modern Fourier Analysis}},
	author={Grafakos, Loukas},
	volume={250},
	year={2009},
	publisher={Springer}
}

@article{karawia2010two,
	title={Two algorithms for solving general backward pentadiagonal linear systems},
	author={Karawia, AA},
	journal={Int. J. Comput. Math.},
	volume={87},
	number={12},
	pages={2823--2830},
	year={2010},
	publisher={Taylor \& Francis}
}

@book{sauer2011numerical,
  title={Numerical analysis},
  author={Sauer, Timothy},
  year={2011},
  publisher={Addison-Wesley Publishing Company}
}


@Misc{		  FastSpecSoG,
  author	= {Xuanzhao Gao and Qi Zhou and Jiuyang Liang},
  title		= {{FastSpecSoG.jl: Fast spectral sum-of-Gaussians method in Julia}},
  year		= {2024},
  publisher	= {GitHub},
  journal	= {GitHub repository},
  howpublished	= {\url{https://github.com/HPMolSim/FastSpecSoG.jl}}
}

@Article{	  julia-2017,
  title		= {Julia: {A} fresh approach to numerical computing},
  author	= {Bezanson, Jeff and Edelman, Alan and Karpinski, Stefan and
		  Shah, Viral B.},
  journal	= {SIAM {R}ev.},
  volume	= {59},
  number	= {1},
  pages		= {65--98},
  year		= {2017},
  publisher	= {SIAM}
}

@Article{	celllistmap,
  title		= {Cell{L}ist{M}ap.jl: {E}fficient and customizable cell list
		  implementation for calculation of pairwise particle
		  properties within a cutoff},
  journal	= { Comput. Phys. Commun.},
  volume	= {279},
  pages		= {108452},
  year		= {2022},
  issn		= {0010-4655},
  author	= {Leandro Mart\'inez},
  publisher	= {Elsevier}
}

@article{Jack1961Inequality,
 ISSN = {00029939, 10886826},
 author = {Jack Indritz},
 journal = {Proc. Amer. Math. Soc.},
 number = {6},
 pages = {981--983},
 publisher = {American Mathematical Society},
 title = {An Inequality for Hermite Polynomials},
 urldate = {2024-04-26},
 volume = {12},
 year = {1961}
}


@article{lindbo2012fast,
	title={{Fast and spectrally accurate Ewald summation for 2-periodic electrostatic systems}},
	author={Lindbo, Dag and Tornberg, Anna-Karin},
	journal={J. Chem. Phys.},
	volume={136},
	number={16},
	pages={164111},
	year={2012},
	publisher={American Institute of Physics}
}

@article{af2017fast,
	title={{Fast Ewald summation for free-space Stokes potentials}},
	author={af Klinteberg, Ludvig and Shamshirgar, Davoud Saffar and Tornberg, Anna-Karin},
	journal={Res. Math. Sci.},
	volume={4},
	number={1},
	pages={1--32},
	year={2017},
	publisher={Springer}
}

@article{gan2024fast,
title = {Fast Algorithm for Quasi-2D Coulomb Systems},
journal = {Journal of Computational Physics},
pages = {113733},
year = {2025},
issn = {0021-9991},
doi = {https://doi.org/10.1016/j.jcp.2025.113733},
url = {https://www.sciencedirect.com/science/article/pii/S0021999125000166},
author = {Zecheng Gan and Xuanzhao Gao and Jiuyang Liang and Zhenli Xu},
}

@article{Donev2023,
    author = {Hashemi, Aref and Peláez, Raúl P. and Natesh, Sachin and Sprinkle, Brennan and Maxian, Ondrej and Gan, Zecheng and Donev, Aleksandar},
    title = "{Computing hydrodynamic interactions in confined doubly periodic geometries in linear time}",
    journal = {J. Chem. Phys.},
    volume = {158},
    number = {15},
    pages = {154101},
    year = {2023}
}

@article{shamshirgar2017comparison,
	title={{A comparison of the Spectral Ewald and smooth particle Mesh Ewald methods in GROMACS}},
	author={Shamshirgar, Davood Saffar and Hess, Berk and Tornberg, Anna-Karin},
	journal={arXiv:1712.04718},
	year={2017}
}

@article{liu2024optimal,
  title={On optimal zero-padding of kernel truncation method},
  author={Liu, Xin and Tang, Qinglin and Zhang, Shaobo and Zhang, Yong},
  journal={SIAM J. Sci. Comput.},
  volume={46},
  number={1},
  pages={A23--A49},
  year={2024},
  publisher={SIAM}
}

@article{shamshirgar2021fast,
	title={{Fast Ewald summation for electrostatic potentials with arbitrary periodicity}},
	author={Shamshirgar, Davoud Saffar and Bagge, Joar and Tornberg, Anna-Karin},
	journal={J. Chem. Phys.},
	volume={154},
	number={16},
	pages={164109},
	year={2021},
	publisher={AIP Publishing LLC}
}

@article{toxvaerd2012JCP,
    author = {Toxvaerd, Søren and Heilmann, Ole J. and Dyre, Jeppe C.},
    title = "{Energy conservation in molecular dynamics simulations of classical systems}",
    journal = {J. Chem. Phys.},
    volume = {136},
    number = {22},
    pages = {224106},
    year = {2012}
}

@article{metropolis1949monte,
  title={The {Monte Carlo} method},
  author={Metropolis, Nicholas and Ulam, Stanislaw},
  journal={J. Am. Stat. Assoc.},
  volume={44},
  number={247},
  pages={335--341},
  year={1949},
  publisher={Taylor \& Francis}
}

@article{wang2004development,
  title={Development and testing of a general amber force field},
  author={Wang, Junmei and Wolf, Romain M and Caldwell, James W and Kollman, Peter A and Case, David A},
  journal={J. Comput. Chem.},
  volume={25},
  number={9},
  pages={1157--1174},
  year={2004},
  publisher={Wiley Online Library}
}

@book{Trefethen2000,
	author = {Trefethen, Lloyd N.},
	title = {{Spectral Methods in MATLAB}},
	publisher = {{Society for Industrial and Applied Mathematics}},
	year = {2000}}

@article{mazars2011long,
  title={{Long ranged interactions in computer simulations and for quasi-2D systems}},
  author={Mazars, Martial},
  journal={Phys. Rep.},
  volume={500},
  number={2-3},
  pages={43--116},
  year={2011},
  publisher={Elsevier}
}

@article{anderson1995observation,
  title={Observation of {Bose-Einstein} condensation in a dilute atomic vapor},
  author={Anderson, Mike H. and Ensher, Jason R. and Matthews, Michael R. and Wieman, Carl E. and Cornell, Eric A.},
  journal={Science},
  volume={269},
  number={5221},
  pages={198--201},
  year={1995},
  publisher={American Association for the Advancement of Science}
}

@article{o1986magnetic,
  title={Magnetic bubble domain devices},
  author={O'Dell, Thomas H.},
  journal={Rep. Prog. Phys.},
  volume={49},
  number={5},
  pages={589},
  year={1986},
  publisher={IOP Publishing}
}

@article{vico2016fast,
	title={{Fast convolution with free-space Green's functions}},
	author={Vico, Felipe and Greengard, Leslie and Ferrando, Miguel},
	journal={J. Comput. Phys.},
	volume={323},
	pages={191--203},
	year={2016},
	publisher={Elsevier}
}

@article{Gholami2016SISC,
author = {Gholami, Amir and Malhotra, Dhairya and Sundar, Hari and Biros, George},
title = {{FFT, FMM, or multigrid? A comparative study of state-of-the-art Poisson solvers for uniform and nonuniform grids in the unit cube}},
journal = {SIAM J. Sci. Comput.},
volume = {38},
number = {3},
pages = {C280-C306},
year = {2016}
}


@article{barnett_parallel_2019,
	title = {A {Parallel} {Nonuniform} {Fast} {Fourier} {Transform} {Library} {Based} on an ``{Exponential} of {Semicircle}" {Kernel}},
	volume = {41},
	issn = {1064-8275, 1095-7197},
	language = {en},
	number = {5},
	urldate = {2024-07-02},
	journal = {SIAM Journal on Scientific Computing},
	author = {Barnett, Alexander H. and Magland, Jeremy and Af Klinteberg, Ludvig},
	month = jan,
	year = {2019},
	pages = {C479--C504},
}


@article{Achterberg2009,
  author =        {Achterberg, Tobias},
  journal =       {Math. Program. Comput.},
  month =         {Jul},
  number =        {1},
  pages =         {1--41},
  title =         {{SCIP}: {S}olving constraint integer programs},
  volume =        {1},
  year =          {2009},
  doi =           {10.1007/s12532-008-0001-1},
}

@misc{liang2025errorestimateuseriesmethod,
      title={Error estimate of the u-series method for molecular dynamics simulations}, 
      author={Jiuyang Liang and Zhenli Xu and Qi Zhou},
      year={2023},
      eprint={2305.05369},
      archivePrefix={arXiv},
      primaryClass={math.NA},
      url={https://arxiv.org/abs/2305.05369}, 
}

@article{shamshirgar2019regularizing,
    author = {Shamshirgar, D. S. and Yokota, R. and Tornberg, A.-K. and Hess, B.},
    title = {Regularizing the fast multipole method for use in molecular simulation},
    journal = {The Journal of Chemical Physics},
    volume = {151},
    number = {23},
    pages = {234113},
    year = {2019},
    month = {12},
}


@article{berman1994renormalization,
    author = {Berman, C. Leonard and Greengard, Leslie},
    title = {A renormalization method for the evaluation of lattice sums},
    journal = {Journal of Mathematical Physics},
    volume = {35},
    number = {11},
    pages = {6036-6048},
    year = {1994},
    month = {11},
}


@article{Nguyen2023QuantumOptimization,
  title = {Quantum Optimization with Arbitrary Connectivity Using Rydberg Atom Arrays},
  author = {Nguyen, Minh-Thi and Liu, Jin-Guo and Wurtz, Jonathan and Lukin, Mikhail D. and Wang, Sheng-Tao and Pichler, Hannes},
  journal = {PRX Quantum},
  volume = {4},
  issue = {1},
  pages = {010316},
  numpages = {19},
  year = {2023},
  month = {Feb},
  publisher = {American Physical Society},
  doi = {10.1103/PRXQuantum.4.010316},
  url = {https://link.aps.org/doi/10.1103/PRXQuantum.4.010316}
}


@book{greengard1988rapid,
  title={The rapid evaluation of potential fields in particle systems},
  author={Greengard, Leslie},
  year={1988},
  publisher={MIT press}
}

@article{wang2019dielectric,
  title = {Dielectric Modulation of Two-Dimensional Dipolar Materials},
  author = {Wang, Ziwei and Luijten, Erik},
  journal = {Phys. Rev. Lett.},
  volume = {123},
  issue = {9},
  pages = {096101},
  numpages = {6},
  year = {2019},
  month = {Aug},
  publisher = {American Physical Society},
  doi = {10.1103/PhysRevLett.123.096101},
  url = {https://link.aps.org/doi/10.1103/PhysRevLett.123.096101}
}

@article{nguyen2019incorporating,
  author    = {Nguyen, Trung Dac and Li, Honghao and
               Bagchi, Debarshee and Solis, Francisco J and
               de la Cruz, Monica Olvera},
  journal   = {Comput. Phys. Commun.},
  pages     = {80--91},
  publisher = {Elsevier},
  title     = {Incorporating surface polarization effects into
               large-scale coarse-grained molecular dynamics
               simulation},
  volume    = {241},
  year      = {2019},
}

@article{ma2021modified,
  author  = {Ma, Manman and Xu, Zhenli and Zhang, Liwei},
  journal = {SIAM J. Appl. Math.},
  number  = {4},
  pages   = {1645-1667},
  title   = {Modified {P}oisson--{N}ernst--{P}lanck Model with {C}oulomb
             and Hard-sphere Correlations},
  volume  = {81},
  year    = {2021},
}