@article{luijten2014,
  title = {Dielectric Effects in the Self-Assembly of Binary Colloidal Aggregates},
  author = {Barros, Kipton and Luijten, Erik},
  journal = {Phys. Rev. Lett.},
  volume = {113},
  issue = {1},
  pages = {017801},
  numpages = {5},
  year = {2014},
  month = {Jul},
  publisher = {American Physical Society},
}
